@book{koza1992genetic,
  title={Genetic Programming II, Automatic Discovery of Reusable Subprograms},
  author={Koza, John R},
  year={1992},
  publisher={MIT Press, Cambridge, MA}
}

@article{davis1991handbook,
  title={Handbook of genetic algorithms},
  author={Davis, Lawrence},
  year={1991},
  publisher={CUMINCAD}
}

@article{johnson2000explanatory,
  title={Explanatory analysis of the metabolome using genetic programming of simple, interpretable rules},
  author={Johnson, Helen E and Gilbert, Richard J and Winson, Michael K and Goodacre, Royston and Smith, Aileen R and Rowland, Jem J and Hall, Michael A and Kell, Douglas B},
  journal={Genetic Programming and Evolvable Machines},
  volume={1},
  number={3},
  pages={243--258},
  year={2000},
  publisher={Springer}
}

@article{moles2003parameter,
  title={Parameter estimation in biochemical pathways: a comparison of global optimization methods},
  author={Moles, Carmen G and Mendes, Pedro and Banga, Julio R},
  journal={Genome research},
  volume={13},
  number={11},
  pages={2467--2474},
  year={2003},
  publisher={Cold Spring Harbor Lab}
}

@article{kulunchakov2017generation,
  title={Generation of simple structured information retrieval functions by genetic algorithm without stagnation},
  author={Kulunchakov, AS and Strijov, VV},
  journal={Expert Systems with Applications},
  volume={85},
  pages={221--230},
  year={2017},
  publisher={Elsevier}
}

@article{zelinka2005analytic,
  title={Analytic programming--Symbolic regression by means of arbitrary evolutionary algorithms},
  author={Zelinka, Ivan and Oplatkova, Zuzana and Nolle, Lars},
  journal={Int. J. of Simulation, Systems, Science and Technology},
  volume={6},
  number={9},
  pages={44--56},
  year={2005},
  publisher={Citeseer}
}

@inproceedings{eads2002genetic,
  title={Genetic algorithms and support vector machines for time series classification},
  author={Eads, Damian R and Hill, Daniel and Davis, Sean and Perkins, Simon J and Ma, Junshui and Porter, Reid B and Theiler, James P},
  booktitle={Applications and Science of Neural Networks, Fuzzy Systems, and Evolutionary Computation V},
  volume={4787},
  pages={74--86},
  year={2002},
  organization={International Society for Optics and Photonics}
}

@article{bojarczuka2001data,
  title={Data Mining with Constrained-Syntax Genetic Programming: Applications in Medical Data Set},
  author={Bojarczuka, Celia C and Lopesb, Heitor S and Freitasc, Alex A},
  journal={algorithms},
  volume={6},
  pages={7},
  year={2001},
  publisher={Citeseer}
}

@article{tsakonas2004evolving,
  title={Evolving rule-based systems in two medical domains using genetic programming},
  author={Tsakonas, Athanasios and Dounias, Georgios and Jantzen, Jan and Axer, Hubertus and Bjerregaard, Beth and von Keyserlingk, Diedrich Graf},
  journal={Artificial Intelligence in Medicine},
  volume={32},
  number={3},
  pages={195--216},
  year={2004},
  publisher={Elsevier}
}

@inproceedings{david2014genetic,
  title={Genetic algorithms for evolving deep neural networks},
  author={David, Omid E and Greental, Iddo},
  booktitle={Proceedings of the Companion Publication of the 2014 Annual Conference on Genetic and Evolutionary Computation},
  pages={1451--1452},
  year={2014},
  organization={ACM}
}

@incollection{li2016accelerated,
  title={On the Accelerated Convergence of Genetic Algorithm Using GPU Parallel Operations},
  author={Li, Cheng-Chieh and Liu, Jung-Chun and Lin, Chu-Hsing and Lo, Winston},
  booktitle={Software Engineering, Artificial Intelligence, Networking and Parallel/Distributed Computing 2015},
  pages={1--16},
  year={2016},
  publisher={Springer}
}

@article{lemke2015metalearning,
  title={Metalearning: a survey of trends and technologies},
  author={Lemke, Christiane and Budka, Marcin and Gabrys, Bogdan},
  journal={Artificial intelligence review},
  volume={44},
  number={1},
  pages={117--130},
  year={2015},
  publisher={Springer}
}

@misc{brazdil2018metalearning,
  title={Metalearning and Algorithm Selection: progress, state of the art and introduction to the 2018 Special Issue},
  author={Brazdil, Pavel and Giraud-Carrier, Christophe},
  year={2018},
  publisher={Springer}
}

@article{nowozin2011structured,
  title={Structured learning and prediction in computer vision},
  author={Nowozin, Sebastian and Lampert, Christoph H and others},
  journal={Foundations and Trends{\textregistered} in Computer Graphics and Vision},
  volume={6},
  number={3--4},
  pages={185--365},
  year={2011},
  publisher={Now Publishers, Inc.}
}

@article{jin2018junction,
  title={Junction Tree Variational Autoencoder for Molecular Graph Generation},
  author={Jin, Wengong and Barzilay, Regina and Jaakkola, Tommi},
  journal={arXiv preprint arXiv:1802.04364},
  year={2018}
}

@article{parisotto2016neuro,
  title={Neuro-symbolic program synthesis},
  author={Parisotto, Emilio and Mohamed, Abdel-rahman and Singh, Rishabh and Li, Lihong and Zhou, Dengyong and Kohli, Pushmeet},
  journal={arXiv preprint arXiv:1611.01855},
  year={2016}
}

@misc{exchange-rates,
  title = {{Daily foreign exchange rates, 31 December 1979 â€“ 31 December 1998}},
  howpublished = "\url{http://bit.ly/1XonNrs}",
  note = "[Online; accessed 29-May-2018]"
}

@misc{stock,
  title = {{IBM common stock closing prices}},
  howpublished = "\url{http://bit.ly/2H0Nf1w}",
  note = "[Online; accessed 29-May-2018]"
}
http://bit.ly/2H0Nf1w
