@article{costecalde2018long,
	title={A Long-Term BCI Study With ECoG Recordings in Freely Moving Rats},
	author={Costecalde, Thomas and Aksenova, Tetiana and Torres-Martinez, Napoleon and Eliseyev, Andriy and Mestais, Corinne and Moro, Cecile and Benabid, Alim Louis},
	journal={Neuromodulation: Technology at the Neural Interface},
	volume={21},
	number={2},
	pages={149--159},
	year={2018},
	publisher={Wiley Online Library}
}

@article{mestais2015wimagine,
  title={WIMAGINE: Wireless 64-channel ECoG recording implant for long term clinical applications},
  author={Mestais, Corinne S and Charvet, Guillaume and Sauter-Starace, Fabien and Foerster, Michael and Ratel, David and Benabid, Alim Louis},
  journal={IEEE transactions on neural systems and rehabilitation engineering},
  volume={23},
  number={1},
  pages={10--21},
  year={2015},
  publisher={IEEE}
}

@inproceedings{eliseyev2014clinatec,
	title={CLINATEC{\textregistered} BCI platform based on the ECoG-recording implant WIMAGINE{\textregistered} and the innovative signal-processing: preclinical results},
	author={Eliseyev, Andrey and Mestais, Corinne and Charvet, Guillaume and Sauter, Fabien and Abroug, Neil and Arizumi, Nana and Cokgungor, Serpil and Costecalde, Thomas and Foerster, Michael and Korczowski, Louis and others},
	booktitle={Engineering in Medicine and Biology Society (EMBC), 2014 36th Annual International Conference of the IEEE},
	pages={1222--1225},
	year={2014},
	organization={IEEE}
}

@article{katrutsa2015stress,
	title={Stress test procedure for feature selection algorithms},
	author={Katrutsa, A. M. and Strijov, V. V.},
	journal={Chemometrics and Intelligent Laboratory Systems},
	volume={142},
	pages={172--183},
	year={2015},
	publisher={Elsevier}
}

@article{li2017feature,
	title={Feature selection: A data perspective},
	author={Li, Jundong and Cheng, Kewei and Wang, Suhang and Morstatter, Fred and Trevino, Robert P and Tang, Jiliang and Liu, Huan},
	journal={ACM Computing Surveys (CSUR)},
	volume={50},
	number={6},
	pages={94},
	year={2017},
	publisher={ACM}
}

@article{ding2005minimum,
	title={Minimum redundancy feature selection from microarray gene expression data},
	author={Ding, Chris and Peng, Hanchuan},
	journal={Journal of bioinformatics and computational biology},
	volume={3},
	number={02},
	pages={185--205},
	year={2005},
	publisher={World Scientific}
}

@article{rodriguez2010quadratic,
	title={Quadratic programming feature selection},
	author={Rodriguez-Lujan, Irene and Huerta, Ramon and Elkan, Charles and Cruz, Carlos Santa},
	journal={Journal of Machine Learning Research},
	volume={11},
	number={Apr},
	pages={1491--1516},
	year={2010}
}

@article{katrutsa2017comprehensive,
	title={Comprehensive study of feature selection methods to solve multicollinearity problem according to evaluation criteria},
	author={Katrutsa, Alexandr and Strijov, Vadim},
	journal={Expert Systems with Applications},
	volume={76},
	pages={1--11},
	year={2017},
	publisher={Elsevier}
}

@article{neurotycho,
	title= {Project Tycho \href{http://neurotycho.org/food-tracking-task}{http://neurotycho.org/food-tracking-task}},
}

@article{chao2010long,
	title={Long-term asynchronous decoding of arm motion using electrocorticographic signals in monkey},
	author={Chao, Zenas C and Nagasaka, Yasuo and Fujii, Naotaka},
	journal={Frontiers in neuroengineering},
	volume={3},
	pages={3},
	year={2010},
	publisher={Frontiers}
}

@article{eliseyev2016penalized,
	title={Penalized multi-way partial least squares for smooth trajectory decoding from electrocorticographic (ECoG) recording},
	author={Eliseyev, Andrey and Aksenova, Tetiana},
	journal={PloS one},
	volume={11},
	number={5},
	pages={e0154878},
	year={2016},
	publisher={Public Library of Science}
}